<?xml version="1.0" encoding="UTF-8"?><collection xmlns="http://www.loc.gov/MARC21/slim"><record><leader>00485nam--2200133-i-4500</leader><controlfield tag="001">000027581</controlfield><controlfield tag="002">20161230</controlfield><controlfield tag="005">20161230201036</controlfield><controlfield tag="008">060222s1000------------r-----000-0-eng-d</controlfield><datafield ind1=" " ind2=" " tag="100"><subfield code="a">Krammer, Georges</subfield></datafield><datafield ind1=" " ind2=" " tag="245"><subfield code="a">Influence d`un champ magnetique uniforme auxiliare sur le fonctionnement des sources d`ions positifs a excitation electrique de haute frequence et couplage inductif</subfield></datafield><datafield ind1=" " ind2=" " tag="260"><subfield code="a">Toulouse, La Faculte Des Sciences De L`Universite, 1964, 95p</subfield></datafield><datafield ind1=" " ind2=" " tag="490"><subfield code="a">Theses</subfield></datafield><datafield ind1=" " ind2=" " tag="852"><subfield code="a">22903</subfield></datafield></record></collection>